<record><leader>00000cas a2200000 a 4500</leader><controlfield tag="001">24655782</controlfield><controlfield tag="008">911031d186u1894iludn ne      0    0eng c</controlfield><datafield ind1=" " ind2=" " tag="010"><subfield code="a">sn 91054170 </subfield></datafield><datafield ind1=" " ind2=" " tag="040"><subfield code="a">NVF</subfield><subfield code="b">eng</subfield><subfield code="c">NVF</subfield><subfield code="d">OCL</subfield><subfield code="d">NVF</subfield><subfield code="d">OCLCQ</subfield><subfield code="d">OCLCF</subfield><subfield code="d">OCLCO</subfield></datafield><datafield ind1="1" ind2=" " tag="029"><subfield code="a">AU@</subfield><subfield code="b">000020225979</subfield></datafield><datafield ind1=" " ind2=" " tag="042"><subfield code="a">pcc</subfield></datafield><datafield ind1=" " ind2=" " tag="043"><subfield code="a">n-us-il</subfield></datafield><datafield ind1="0" ind2="0" tag="245"><subfield code="a">Alton daily telegraph.</subfield></datafield><datafield ind1="1" ind2=" " tag="246"><subfield code="i">Published on Saturdays as:</subfield><subfield code="a">Saturday evening telegraph</subfield><subfield code="f">Feb. 9, 1889-1894</subfield></datafield><datafield ind1=" " ind2=" " tag="260"><subfield code="a">Alton, Ill. :</subfield><subfield code="b">L.A. Parks [&amp;] Chas. Holden, Jr.,</subfield><subfield code="c">[186-?]-1894.</subfield></datafield><datafield ind1=" " ind2=" " tag="300"><subfield code="a">v.</subfield></datafield><datafield ind1=" " ind2=" " tag="310"><subfield code="a">Daily (except Sunday)</subfield></datafield><datafield ind1="0" ind2=" " tag="362"><subfield code="a">-Nov. 15, 1894.</subfield></datafield><datafield ind1=" " ind2=" " tag="580"><subfield code="a">Weekly eds.: Alton weekly telegraph, &lt;1867&gt;-1878, and: Alton telegraph (Alton, Ill.: 1879), 1879-1894.</subfield></datafield><datafield ind1=" " ind2=" " tag="588"><subfield code="a">Description based on: Vol. 6, no. 293 (Aug. 3, 1867).</subfield></datafield><datafield ind1=" " ind2="0" tag="651"><subfield code="a">Alton (Ill.)</subfield><subfield code="v">Newspapers.</subfield></datafield><datafield ind1=" " ind2="7" tag="655"><subfield code="a">Newspapers.</subfield><subfield code="2">fast</subfield><subfield code="0">(OCoLC)fst01423814</subfield></datafield><datafield ind1=" " ind2="7" tag="651"><subfield code="a">Illinois</subfield><subfield code="z">Alton.</subfield><subfield code="2">fast</subfield><subfield code="0">(OCoLC)fst01221436</subfield></datafield><datafield ind1=" " ind2=" " tag="752"><subfield code="a">United States</subfield><subfield code="b">Illinois</subfield><subfield code="c">Madison</subfield><subfield code="d">Alton.</subfield></datafield><datafield ind1="1" ind2=" " tag="775"><subfield code="t">Alton weekly telegraph</subfield><subfield code="w">(DLC)sn 85033357</subfield><subfield code="w">(OCoLC)11902609</subfield></datafield><datafield ind1="1" ind2=" " tag="775"><subfield code="t">Alton telegraph (Alton, Ill. : 1879)</subfield><subfield code="w">(DLC)sn 91054169</subfield><subfield code="w">(OCoLC)24654557</subfield></datafield><datafield ind1="0" ind2="0" tag="780"><subfield code="t">Alton telegraph (Alton, Ill. : 1865)</subfield><subfield code="w">(DLC)sn 82014572</subfield><subfield code="w">(OCoLC)8786367</subfield></datafield><datafield ind1="0" ind2="0" tag="785"><subfield code="t">Alton evening telegraph</subfield><subfield code="w">(DLC)sn 91054171</subfield><subfield code="w">(OCoLC)24655855</subfield></datafield></record>